<collection xmlns="http://www.loc.gov/MARC21/slim">
<record>
  <leader>01642nam0a2200289 i 450 </leader>
  <controlfield tag="001">IT\ICCU\CNCE\051483</controlfield>
  <controlfield tag="005">20080211000000.0</controlfield>
  <datafield tag="012" ind1=" " ind2=" ">
    <subfield code="a">i-di uosi e-ni gnsa (3) 1589 (R)</subfield>
    <subfield code="2">fei</subfield>
  </datafield>
  <datafield tag="100" ind1=" " ind2=" ">
    <subfield code="a">20010127d1589        0itac0103    ba</subfield>
  </datafield>
  <datafield tag="101" ind1=" " ind2=" ">
    <subfield code="a">ITA</subfield>
  </datafield>
  <datafield tag="102" ind1=" " ind2=" ">
    <subfield code="a">IT</subfield>
  </datafield>
  <datafield tag="200" ind1="1" ind2=" ">
    <subfield code="a">Dialogo di Girolamo Lucino, da Casalmaggiore, del vso della spada, ristretto a maggior vantaggio, et breuit ̉di quello che sin&apos;hora sia stato scritto da qual si voglia auttore. Nel quale diuiso in tre parti si introducono a ragionamento esso auttore, &amp; il signor Mutio Vicenza</subfield>
  </datafield>
  <datafield tag="210" ind1=" " ind2=" ">
    <subfield code="a">In Casalmaggiore</subfield>
    <subfield code="c">\Antonio Guerini &amp; c.!</subfield>
    <subfield code="d">1589</subfield>
  </datafield>
  <datafield tag="215" ind1=" " ind2=" ">
    <subfield code="a">84 p.</subfield>
    <subfield code="d">4ʻ</subfield>
  </datafield>
  <datafield tag="300" ind1=" " ind2=" ">
    <subfield code="a">Stampata da Antonio Guerini &amp; c., cfr.: La stamperia cinquecentesca di Casalmaggiore, in &quot;Strenna dell&apos;A.D.A.F.&quot;, 40 (2000), p. 59</subfield>
  </datafield>
  <datafield tag="620" ind1=" " ind2=" ">
    <subfield code="a">IT</subfield>
    <subfield code="d">Casalmaggiore</subfield>
  </datafield>
  <datafield tag="700" ind1=" " ind2="1">
    <subfield code="a">Lucini,</subfield>
    <subfield code="b">Girolamo</subfield>
    <subfield code="3">IT\ICCU\CNCA\011127</subfield>
  </datafield>
  <datafield tag="712" ind1="0" ind2="0">
    <subfield code="a">Guerini, Antonio &amp; C.</subfield>
    <subfield code="3">IT\ICCU\CNCT\001365</subfield>
    <subfield code="4">650</subfield>
  </datafield>
  <datafield tag="790" ind1=" " ind2="1">
    <subfield code="a">Lucino,</subfield>
    <subfield code="b">Girolamo</subfield>
    <subfield code="3">IT\ICCU\CNCA\020675</subfield>
    <subfield code="z">Lucini, Girolamo</subfield>
  </datafield>
  <datafield tag="791" ind1="0" ind2="0">
    <subfield code="a">Guerinus, Antonius &amp; C.</subfield>
    <subfield code="3">IT\ICCU\CNCT\005067</subfield>
    <subfield code="z">Guerini, Antonio &amp; C.</subfield>
  </datafield>
  <datafield tag="791" ind1="0" ind2="0">
    <subfield code="a">Guerrini, Antonio &amp; C.</subfield>
    <subfield code="3">IT\ICCU\CNCT\005069</subfield>
    <subfield code="z">Guerini, Antonio &amp; C.</subfield>
  </datafield>
  <datafield tag="791" ind1="0" ind2="0">
    <subfield code="a">Guerino, Antonio &amp; C.</subfield>
    <subfield code="3">IT\ICCU\CNCT\005070</subfield>
    <subfield code="z">Guerini, Antonio &amp; C.</subfield>
  </datafield>
  <datafield tag="801" ind1=" " ind2="3">
    <subfield code="a">IT</subfield>
    <subfield code="b">ICCU</subfield>
    <subfield code="c">20201115</subfield>
  </datafield>
  <datafield tag="899" ind1=" " ind2=" ">
    <subfield code="a">Biblioteca universitaria. Bologna</subfield>
    <subfield code="1">BO0098</subfield>
    <subfield code="2">UBO BU</subfield>
  </datafield>
  <datafield tag="899" ind1=" " ind2=" ">
    <subfield code="a">Biblioteca nazionale Vittorio Emanuele III. Napoli</subfield>
    <subfield code="1">NA0079</subfield>
    <subfield code="2">NAP BN</subfield>
  </datafield>
  <datafield tag="911" ind1=" " ind2=" ">
    <subfield code="a">Sul front.</subfield>
    <subfield code="9">IT\ICCU\CNCM\000468</subfield>
  </datafield>
  <datafield tag="921" ind1=" " ind2=" ">
    <subfield code="a">IT\ICCU\CNCM\000468</subfield>
    <subfield code="b">Cane in basso, luna radiante e due stelle in alto. In cornice figurata</subfield>
    <subfield code="e">Talis ego.</subfield>
    <subfield code="c">Q5</subfield>
    <subfield code="c">Z197</subfield>
    <subfield code="f">CANE</subfield>
    <subfield code="f">SOLE</subfield>
    <subfield code="f">STELLE</subfield>
    <subfield code="f">TALISEGO</subfield>
    <subfield code="g">1582-[1594]</subfield>
  </datafield>
</record>
</collection>
